@mastersthesis{dos-santos2014,
    address = {João Pessoa - PB, Brasil},
    author  = {Magnum César Nascimento dos Santos},
    month   = {Agosto},
    school  = {Universidade Federal da Paraíba},
    title   = {Principais Axiomas da Matemática},
    type    = {Dissertação de mestrado},
    url     = {https://repositorio.ufpb.br/jspui/bitstream/tede/7529/2/arquivototal.pdf},
    year    = {2014},
}
@book{lima-2012,
    address   = {Brasil},
    author    = {Elon Lages Lima},
    isbn      = {978-85-244-0313-2},
    pages     = {257},
    publisher = {IMPA},
    title     = {Cálculo Tensorial},
    year      = {2012},
}
